<?xml version="1.0" encoding="UTF-8"?><record xmlns="http://www.loc.gov/MARC21/slim" xmlns:cinclude="http://apache.org/cocoon/include/1.0" xmlns:zs="http://www.loc.gov/zing/srw/">
  <leader>00417nz  a2200133n  4500</leader>
  <controlfield tag="001">nb2007026425</controlfield>
  <controlfield tag="003">DLC</controlfield>
  <controlfield tag="005">20071122075203.0</controlfield>
  <controlfield tag="008">071120n| acannaabn          |n aaa      </controlfield>
  <datafield tag="010" ind1=" " ind2=" ">
    <subfield code="a">nb2007026425</subfield>
  </datafield>
  <datafield tag="035" ind1=" " ind2=" ">
    <subfield code="a">(Uk)006969321</subfield>
  </datafield>
  <datafield tag="040" ind1=" " ind2=" ">
    <subfield code="a">Uk</subfield>
    <subfield code="b">eng</subfield>
    <subfield code="c">Uk</subfield>
  </datafield>
  <datafield tag="100" ind1="1" ind2=" ">
    <subfield code="a">Ihász, József</subfield>
  </datafield>
  <datafield tag="670" ind1=" " ind2=" ">
    <subfield code="a">Az MSZMP Nógrád Megyei Végrehajtó Bizottsága üléseinek napirendi pontjai (1956-1989), 2000:</subfield>
    <subfield code="b">t.p. (Ihász József)</subfield>
  </datafield>
</record>